<?xml version="1.0" encoding="UTF-8"?><collection xmlns="http://www.loc.gov/MARC21/slim"><record><leader>00464nam--2200169-i-4500</leader><controlfield tag="001">000045760</controlfield><controlfield tag="002">20161230</controlfield><controlfield tag="005">20161230201045</controlfield><controlfield tag="008">060222s1000------------r-----000-0-eng-d</controlfield><datafield ind1=" " ind2=" " tag="040"><subfield code="a">IFIN-HH</subfield></datafield><datafield ind1=" " ind2=" " tag="080"><subfield code="a">621.52</subfield></datafield><datafield ind1="1" ind2=" " tag="110"><subfield code="a">tHE ENGINEERING EQUIPMENT USERS ASSOCATION</subfield></datafield><datafield ind1="1" ind2="0" tag="245"><subfield code="a">Vacuum producing equipment</subfield><subfield code="b">E.e.u.a.handbook no.11</subfield></datafield><datafield ind1=" " ind2=" " tag="260"><subfield code="a">London</subfield><subfield code="b">Constable &amp; Co.Ltd</subfield><subfield code="c">1961</subfield></datafield><datafield ind1=" " ind2=" " tag="300"><subfield code="a">XIII+99P</subfield></datafield><datafield ind1=" " ind2=" " tag="852"><subfield code="a">17282</subfield><subfield code="c">621.52</subfield></datafield><datafield ind1=" " ind2=" " tag="CAT"><subfield code="a">Sys</subfield><subfield code="c">20130715</subfield><subfield code="h">144421</subfield></datafield></record></collection>